@article{Borges2023Filmes,
  author  = {Borges, Tatielle da Silva and Reis, Marcia Santos Anjo},
  title   = {Filmes infantis: parametro de analise a relacao de genero},
  journal = {Computers, Materials and Continua},
  year    = {2023},
  volume  = {1},
  number  = {1}
}

@inproceedings{inproceedings8b3efc2c,
title   = {LexPorBr infantil: uma base lexical tripartida e com interface web de textos ouvidos, produzidos, e lidos por crianças},
author = {Estivalet, Gustavo and Hartmann, Nathan Siegle and Marquiafável, Vanessa and Lukasova, Katerina and Carthery-Goulart, Maria Teresa and Aluísio, Sandra Maria},
year = {2019},
publisher = {SBC},
booktitle   = {Symposium in Information and Human Language Technology - STIL}
}
